<record><leader>00000cas a22000007a 4500</leader><controlfield tag="001">16107197</controlfield><controlfield tag="008">870630d18891956iauwr ne      0    0eng d</controlfield><controlfield tag="009">5087</controlfield><datafield ind1=" " ind2=" " tag="010"><subfield code="a">sn 87058422 </subfield></datafield><datafield ind1=" " ind2=" " tag="040"><subfield code="a">INP</subfield><subfield code="b">eng</subfield><subfield code="c">INP</subfield><subfield code="d">OCLCQ</subfield></datafield><datafield ind1=" " ind2=" " tag="042"><subfield code="a">msc</subfield></datafield><datafield ind1="0" ind2="4" tag="245"><subfield code="a">The Iowa recorder.</subfield></datafield><datafield ind1=" " ind2=" " tag="260"><subfield code="a">Greene, Butler County, Iowa :</subfield><subfield code="b">[s.n.],</subfield><subfield code="c">1889-1956.</subfield></datafield><datafield ind1=" " ind2=" " tag="300"><subfield code="a">67 v.</subfield></datafield><datafield ind1=" " ind2=" " tag="310"><subfield code="a">Weekly</subfield></datafield><datafield ind1="0" ind2=" " tag="362"><subfield code="a">6th year, no. 260 (Aug. 13, 1889)-v. 72, no. 55 (Aug. 1, 1956).</subfield></datafield><datafield ind1=" " ind2=" " tag="500"><subfield code="a">Publisher varies.</subfield></datafield><datafield ind1=" " ind2=" " tag="500"><subfield code="a">Includes section called: Marble Rock news.</subfield></datafield><datafield ind1=" " ind2=" " tag="515"><subfield code="a">Issues for Aug. 18, 1896-&lt;Dec. 21, 1904&gt; called also whole no. 628-&lt;1063&gt;.</subfield></datafield><datafield ind1=" " ind2=" " tag="752"><subfield code="a">United States</subfield><subfield code="b">Iowa</subfield><subfield code="c">Butler</subfield><subfield code="d">Greene.</subfield></datafield><datafield ind1=" " ind2=" " tag="752"><subfield code="a">United States</subfield><subfield code="b">Iowa</subfield><subfield code="c">Floyd</subfield><subfield code="d">Marble Rock.</subfield></datafield><datafield ind1="0" ind2="0" tag="780"><subfield code="t">Butler Co. recorder</subfield><subfield code="w">(DLC)sn 87058421</subfield></datafield><datafield ind1="0" ind2="5" tag="780"><subfield code="t">Butler County press (Greene, Iowa)</subfield><subfield code="w">(DLC)sn 87058424</subfield></datafield><datafield ind1="0" ind2="0" tag="785"><subfield code="t">Greene recorder</subfield><subfield code="w">(DLC)sn 87058423</subfield></datafield><datafield ind1="1" ind2=" " tag="787"><subfield code="t">Marble Rock news</subfield></datafield></record>